@MISC{surix,
	HOWPUBLISHED = "\url{https://www.surix.net/sobre-surix.html}",
	AUTHOR = "Surix S.R.L",
	TITLE = "Surix.",
}

@MISC{helpip,
	HOWPUBLISHED = "\url{https://www.surix.net/sistema-de-llamada-a-enfermera-help-ip-surix.html}",
	AUTHOR = "Surix S.R.L",
	TITLE = "Help IP",
}

@MISC{mmcall,
	HOWPUBLISHED = "\url{https://mmcallus.com/es/salud/llamado-de-enfermeras}",
	AUTHOR = "MMCALL",
	TITLE = "Hospital Llamado de Enfermeras",
}

@MISC{helpnex,
	HOWPUBLISHED = "\url{https://ibernex.es/helpnex/}",
	AUTHOR = "Ibernex",
	TITLE = "Helpnex",
}

@MISC{sei,
	HOWPUBLISHED = "\url{https://www.web-sei.com/index.php/nuestros-productos/productos-comerciales/llamador-de-enfermeria?gclid=Cj0KCQjwufn8BRCwARIsAKzP695Mdd1UEvxMzaKkI4ML_URIPg8Hs80tTd2km0ieYdTdVLijZAFP_CwaAiO4EALw_wcB}",
	AUTHOR = "SEI",
	TITLE = "LLamador de enfermería inalámrbico",
}

@MISC{bluetooth,
	HOWPUBLISHED = "\url{https://www.bluetooth.com/learn-about-bluetooth/radio-versions/}",
	AUTHOR = "Bluetooth SIG",
	TITLE = "LEARN ABOUT BLUETOOTH: Bluetooth Radio Versions",
}

@MISC{bluetoothV,
	HOWPUBLISHED = "\url{https://www.wikiversus.com/informatica/bluetooth-classic-vs-bluetooth-low-energy/}",
	AUTHOR = "Rubén Castro",
	TITLE = "Bluetooth Classic Vs. Low Energy Vs. Smart Vs. Smart Ready ¿Cuál es cuál?",
}

@MISC{PCMU,
	HOWPUBLISHED = "\url{http://what-when-how.com/voip/g-711-compression-voip/}",
	AUTHOR = "what-when-how",
	TITLE = "G.711 COMPRESSION (VoIP)",
}

@MISC{PDM,
	HOWPUBLISHED = "\url{https://en.wikipedia.org/wiki/Pulse-density_modulation}",
	AUTHOR = "Wikipedia",
	TITLE = "Modulación PDM",
}

@MISC{SDK,
	HOWPUBLISHED = "\url{http://developer.nordicsemi.com/nRF5_SDK/doc/}",
	AUTHOR = "Nordic Semiconductor",
	TITLE = "nRF5 SDK",
}

@MISC{BLESPEC,
	HOWPUBLISHED = "\url{https://www.bluetooth.com/specifications/specs/core-specification/}",
	AUTHOR = "Bluetooth SIG",
	TITLE = "Core Specification",
}

@MISC{NUS,
	HOWPUBLISHED = "\url{https://devzone.nordicsemi.com/nordic/nrf-connect-sdk-guides/b/getting-started/posts/nus-on-ncs-the-nordic-uart-service-with-the-nrf-connect-sdk}",
	AUTHOR = "Nordic Semiconductor",
	TITLE = "NUS on NCS: The Nordic UART Service with the nRF Connect SDK",
}